@online{KaggleData,
	author = {{Dariel Dato-on} (User) on Kaggle},
	title = {{MNIST in CSV}},
	year = 2021,
	url = {https://www.kaggle.com/oddrationale/mnist-in-csv},
	urldate = {2020-05-23}
}